%% This BibTeX bibliography file was created using BibDesk.
%% http://bibdesk.sourceforge.net/


%% Created for Marc Hadley at 2008-12-08 16:37:14 -0500 


%% Saved with string encoding Unicode (UTF-8) 



@techreport{xml10,
	Author = {Tim Bray and Jean Paoli and C. M. Sperberg-McQueen and Eve Maler},
	Institution = {W3C},
	Month = {October},
	Note = {See http://www.w3.org/TR/2000/REC-xml-20001006},
	Title = {Extensible {Markup} {Language} ({XML}) 1.0 ({Second} {Edition})},
	Type = {{Recommendation}},
	Year = 2000}

@techreport{soap11,
	Author = {Don Box and David Ehnebuske and Gopal Kakivaya and Andrew Layman and Noah Mendelsohn and Henrik Nielsen and Satish Thatte and Dave Winer},
	Institution = {W3C},
	Month = {May},
	Note = {See http://www.w3.org/TR/SOAP/},
	Title = {Simple {Object} {Access} {Protocol} ({SOAP}) 1.1},
	Type = {{Note}},
	Year = 2000}

@techreport{soap12p1,
	Author = {Martin Gudgin and Marc Hadley and Noah Mendelsohn and Jean-Jacques Moreau and Henrik {Frystyk Nielsen}},
	Institution = {W3C},
	Month = {June},
	Note = {See http://www.w3.org/TR/2003/REC-soap12-part1-20030624},
	Title = {{SOAP} {Version} 1.2 {Part} 1: {Messaging} {Framework}},
	Type = {{Recommendation}},
	Year = 2003}

@techreport{soap12p2,
	Author = {Martin Gudgin and Marc Hadley and Noah Mendelsohn and Jean-Jacques Moreau and Henrik {Frystyk Nielsen}},
	Institution = {W3C},
	Month = {June},
	Note = {See http://www.w3.org/TR/2003/REC-soap12-part2-20030624},
	Title = {{SOAP} {Version} 1.2 {Part} 2: {Adjuncts}},
	Type = {{Recommendation}},
	Year = 2003}

@techreport{wsdl11,
	Author = {Erik Christensen and Francisco Curbera and Greg Meredith and Sanjiva Weerawarana},
	Institution = {W3C},
	Month = {March},
	Note = {See http://www.w3.org/TR/2001/NOTE-wsdl-20010315},
	Title = {Web {Services} {Description} {Language} ({WSDL}) 1.1},
	Type = {{Note}},
	Year = 2001}

@techreport{jaxrpc10,
	Author = {Rahul Sharma},
	Institution = {JCP},
	Month = {June},
	Note = {See http://jcp.org/en/jsr/detail?id=101},
	Title = {The {Java} {API} for {XML} {Based} {RPC} ({JAX-RPC}) 1.0},
	Type = {{JSR}},
	Year = 2002}

@techreport{jaxrpc11,
	Author = {Roberto Chinnici},
	Institution = {JCP},
	Month = {August},
	Note = {See http://jcp.org/en/jsr/detail?id=101},
	Title = {The {Java} {API} for {XML} {Based} {RPC} ({JAX-RPC}) 1.1},
	Type = {{Maintenance JSR}},
	Year = 2003}

@techreport{jaxb10,
	Author = {Joseph Fialli and Sekhar Vajjhala},
	Institution = {JCP},
	Month = {January},
	Note = {See http://jcp.org/en/jsr/detail?id=31},
	Title = {The {Java} {Architecture} for {XML} {Binding} ({JAXB})},
	Type = {{JSR}},
	Year = 2003}

@techreport{jaxb20,
	Author = {Joseph Fialli and Sekhar Vajjhala},
	Institution = {JCP},
	Month = {August},
	Note = {See http://jcp.org/en/jsr/detail?id=222},
	Title = {The {Java} {Architecture} for {XML} {Binding} ({JAXB}) 2.0},
	Type = {{JSR}},
	Year = 2003}

@techreport{wsdl20p1,
	Author = {Roberto Chinnici and Martin Gudgin and Jean-Jacques Moreau and Jeffrey Schlimmer and Sanjiva Weerawarana},
	Institution = {W3C},
	Month = {August},
	Note = {See http://www.w3.org/TR/2004/WD-wsdl20-20040803},
	Title = {Web {Services} {Description} {Language} ({WSDL}) {Version} 2.0 {Part} 1: {Core} {Language} },
	Type = {{Working Draft}},
	Year = 2004}

@techreport{wsdl20p2,
	Author = {Martin Gudgin and Amy Lewis and Jeffrey Schlimmer},
	Institution = {W3C},
	Month = {August},
	Note = {See http://www.w3.org/TR/2004/WD-wsdl20-extensions-20040803},
	Title = {Web {Services} {Description} {Language} ({WSDL}) {Version} 2.0 {Part} 2: {Predefined} {Extensions}},
	Type = {{Working Draft}},
	Year = 2004}

@techreport{wsdl20p3,
	Author = {Hugo Haas and Philippe Le H\'egaret and Jean-Jacques Moreau and David Orchard and Jeffrey Schlimmer and Sanjiva Weerawarana},
	Institution = {W3C},
	Month = {August},
	Note = {See http://www.w3.org/TR/2004/WD-wsdl20-bindings-20040803},
	Title = {Web {Services} {Description} {Language} ({WSDL}) {Version} 2.0 {Part} 3: {Bindings} },
	Type = {{Working Draft}},
	Year = 2004}

@techreport{stax,
	Author = {Christopher Fry},
	Institution = {JCP},
	Month = {March},
	Note = {See http://jcp.org/en/jsr/detail?id=173},
	Title = {Streaming {API} for {XML} (StAX)},
	Type = {{JSR}},
	Year = 2003}

@techreport{wsibp10,
	Author = {Keith Ballinger and David Ehnebuske and Martin Gudgin and Mark Nottingham and Prasad Yendluri},
	Institution = {WS-I},
	Month = {April},
	Note = {See http://www.ws-i.org/Profiles/BasicProfile-1.0-2004-04-16.html},
	Title = {Basic {Profile} {Version} 1.0},
	Type = {{Final Material}},
	Year = 2004}

@techreport{wsibp11,
	Author = {Keith Ballinger and David Ehnebuske and Chris Ferris and Martin Gudgin and Canyang Kevin Liu and Mark Nottingham and Jorgen Thelin and Prasad Yendluri},
	Institution = {WS-I},
	Month = {August},
	Note = {See http://www.ws-i.org/Profiles/BasicProfile-1.1-2004-08-24.html},
	Title = {Basic {Profile} {Version} 1.1},
	Type = {{Final Material}},
	Year = 2004}

@techreport{wsiap10,
	Author = {Chris Ferris and Anish Karmarkar and Canyang Kevin Liu},
	Institution = {WS-I},
	Month = {August},
	Note = {See http://www.ws-i.org/Profiles/AttachmentsProfile-1.0-2004-08-24.html},
	Title = {Attachments {Profile} {Version} 1.0},
	Type = {{Final Material}},
	Year = 2004}

@techreport{swa,
	Author = {John Barton and Satish Thatte and Henrik Frystyk Nielsen},
	Institution = {W3C},
	Month = {December},
	Note = {http://www.w3.org/TR/SOAP-attachments},
	Title = {{SOAP} {Messages} {With} {Attachments}},
	Type = {Note},
	Year = 2000}

@techreport{mtom,
	Author = {Martin Gudgin and Noah Mendelsohn and Mark Nottingham and Herve Ruellan},
	Institution = {W3C},
	Month = {January},
	Note = {http://www.w3.org/TR/soap12-mtom/},
	Title = {{SOAP} {Message} {Transmission} {Optimization} {Mechanism}},
	Type = {Recommendation},
	Year = 2005}

@techreport{xop,
	Author = {Martin Gudgin and Noah Mendelsohn and Mark Nottingham and Herve Ruellan},
	Institution = {W3C},
	Month = {January},
	Note = {http://www.w3.org/TR/xop10/},
	Title = {{XML-binary} {Optimized} {Packaging}},
	Type = {Recommendation},
	Year = 2005}

@techreport{wsissbp10,
	Author = {Mark Nottingham},
	Institution = {WS-I},
	Month = {August},
	Note = {See http://www.ws-i.org/Profiles/SimpleSoapBindingProfile-1.0-2004-08-24.html},
	Title = {Simple {SOAP} {Binding} {Profile} {Version} 1.0},
	Type = {{Working Group Draft}},
	Year = 2004}

@techreport{jaxr,
	Author = {Farrukh Najmi},
	Institution = {JCP},
	Month = {June},
	Note = {See http://www.jcp.org/en/jsr/detail?id=93},
	Title = {Java {API} for {XML} {Registries} 1.0 ({JAXR}) },
	Type = {{JSR}},
	Year = 2002}

@techreport{xmlinfoset,
	Author = {John Cowan and Richard Tobin},
	Institution = {W3C},
	Month = {October},
	Note = {See http://www.w3.org/TR/2001/REC-xml-infoset-20011024/},
	Title = {{XML} {Information} {Set}},
	Type = {{Recommendation}},
	Year = 2001}

@techreport{rfc2119,
	Author = {S. Bradner},
	Institution = {IETF},
	Month = {March},
	Note = {See http://www.ietf.org/rfc/rfc2119.txt},
	Title = {{RFC} 2119: {Keywords} for use in {RFCs} to {Indicate} {Requirement} {Levels}},
	Type = {{RFC}},
	Year = 1997}

@techreport{xsdp1,
	Author = {Henry S. Thompson and David Beech and Murray Maloney and Noah Mendelsohn},
	Institution = {W3C},
	Month = {May},
	Note = {See http://www.w3.org/TR/2001/REC-xmlschema-1-20010502/},
	Title = {{XML} {Schema} {Part} 1: {Structures}},
	Type = {{Recommendation}},
	Year = 2001}

@techreport{xsdp2,
	Author = {Paul V. Biron and Ashok Malhotra},
	Institution = {W3C},
	Month = {May},
	Note = {See http://www.w3.org/TR/2001/REC-xmlschema-2-20010502/},
	Title = {{XML} {Schema} {Part} 2: {Datatypes}},
	Type = {{Recommendation}},
	Year = 2001}

@techreport{uri,
	Author = {T. Berners-Lee and R. Fielding and L. Masinter},
	Institution = {IETF},
	Month = {January},
	Note = {See http://www.ietf.org/rfc/rfc3986.txt},
	Title = {{RFC} 3986: {Uniform} {Resource} {Identifier} ({URI}): {Generic} {Syntax}},
	Type = {{RFC}},
	Year = 2005}

@techreport{jsr109,
	Author = {Jim Knutson and Heather Kreger},
	Institution = {JCP},
	Month = {September},
	Note = {See http://jcp.org/en/jsr/detail?id=109},
	Title = {Web {Services} for {J2EE}},
	Type = {{JSR}},
	Year = 2002}

@techreport{jaf,
	Author = {Bill Shannon},
	Institution = {JCP},
	Month = {May},
	Note = {See http://jcp.org/en/jsr/detail?id=925},
	Title = {{JavaBeans} {Activation} {Framework}},
	Type = {{JSR}},
	Year = 2006}

@techreport{jsr175,
	Author = {Joshua Bloch},
	Date-Modified = {2008-12-08 16:37:00 -0500},
	Institution = {JCP},
	Keywords = {java},
	Month = {August},
	Note = {See http://jcp.org/en/jsr/detail?id=175},
	Title = {A {Metadata} {Facility} for the {Java} {Programming} {Language}},
	Type = {{JSR}},
	Year = 2003}

@techreport{jsr181,
	Author = {Jim Trezzo},
	Institution = {JCP},
	Month = {August},
	Note = {See http://jcp.org/en/jsr/detail?id=181},
	Title = {Web {Services} {Metadata} for the {Java} {Platform}},
	Type = {{JSR}},
	Year = 2003}

@techreport{jsr183,
	Author = {Nataraj Nagaratnam},
	Institution = {JCP},
	Month = {April},
	Note = {See http://jcp.org/en/jsr/detail?id=183},
	Title = {Web {Services} {Message} {Security} {APIs} },
	Type = {{JSR}},
	Year = 2002}

@techreport{javalang,
	Author = {James Gosling and Bill Joy and Guy Steele and Gilad Bracha},
	Institution = {Sun Microsystems, Inc},
	Note = {http://java.sun.com/docs/books/jls/second\_edition/html/j.title.doc.html},
	Title = {The {Java} {Language} {Specification} - Second Edition},
	Type = {{Book}},
	Year = 2000}

@techreport{servlet,
	Author = {G. Murray},
	Institution = {JCP},
	Month = {October},
	Note = {See http://java.sun.com/products/servlet},
	Title = {Java {Servlet} {Specification} {Version} {2.5} },
	Type = {{JSR}},
	Year = 2006}

@techreport{jsr244,
	Author = {Bill Shannon},
	Institution = {JCP},
	Month = {August},
	Note = {See http://jcp.org/en/jsr/detail?id=244},
	Title = {{Java} {Platform} {Enterprise} {Edition} 5 {Specification}},
	Type = {{JSR}},
	Year = 2005}

@techreport{jsr224,
	Author = {R. Chinnici and M. Hadley and R. Mordani},
	Institution = {JCP},
	Month = {August},
	Note = {See http://jcp.org/en/jsr/detail?id=224},
	Title = {{Java} {API} {for} {XML} {Web} {Services}},
	Type = {{JSR}},
	Year = 2005}

@techreport{jsr250,
	Author = {Rajiv Mordani},
	Institution = {JCP},
	Month = {July},
	Note = {See http://jcp.org/en/jsr/detail?id=250},
	Title = {{Common} {Annotations} for the {Java} {Platform}},
	Type = {{JSR}},
	Year = 2005}

@techreport{jsr299,
	Author = {Gavin King},
	Institution = {JCP},
	Month = {December},
	Note = {See http://jcp.org/en/jsr/detail?id=299},
	Title = {{Context} and {Dependency} {Injection} for the {Java} {Platform}},
	Type = {{JSR}},
	Year = 2009}

@techreport{xmlcatalogs,
	Author = {Norm Walsh},
	Institution = {OASIS},
	Month = {July},
	Note = {See http://www.oasis-open.org/committees/download.php/14041/xml-catalogs.html},
	Title = {{XML} {Catalogs} 1.1},
	Type = {{OASIS Committee Specification}},
	Year = 2005}

@techreport{atompub,
	Author = {J.C. Gregorio and B. de hOra},
	Institution = {IETF},
	Month = {March},
	Note = {See http://bitworking.org/projects/atom/draft-ietf-atompub-protocol-14.html},
	Title = {{The} {Atom} {Publishing} {Protocol}},
	Type = {{Internet Draft}},
	Year = 2007}

@techreport{http11,
	Author = {R. Fielding and J. Gettys and J. C. Mogul and H. Frystyk and T. Berners-Lee},
	Institution = {IETF},
	Month = {January},
	Note = {See http://www.ietf.org/rfc/rfc2616.txt},
	Title = {{RFC} 2616: {Hypertext} {Transfer} {Protocol} -- {HTTP/1.1}},
	Type = {{RFC}},
	Year = 1997}

@techreport{rest,
	Author = {R. Fielding},
	Institution = {University of California, Irvine},
	Note = {See http://roy.gbiv.com/pubs/dissertation/top.htm},
	Title = {{Architectural} {Styles} and the {Design} of {Network-based} {Software} {Architectures}},
	Type = {Ph.D Dissertation},
	Year = 2000}

@techreport{webdav,
	Author = {L. Dusseault},
	Institution = {IETF},
	Month = {June},
	Note = {See http://www.ietf.org/rfc/rfc4918.txt},
	Title = {{RFC} 4918: {HTTP} {Extensions} for {Web} {Distributed} {Authoring} and {Versioning} ({WebDAV})},
	Type = {{RFC}},
	Year = 2007}

@techreport{restwiki,
	Note = {See http://rest.blueoxen.net/cgi-bin/wiki.pl},
	Title = {{REST} {Wiki}},
	Type = {Web Site}}

@techreport{restwikipedia,
	Institution = {Wikipedia},
	Note = {See http://en.wikipedia.org/wiki/Representational\_State\_Transfer},
	Title = {{Representational} {State} {Transfer}},
	Type = {Web Site}}
	
@techreport{jaxrs11,
	Author = {Marc Hadley and Paul Sandoz},
	Institution = {JCP},
	Month = {September},
	Note = {See http://jcp.org/en/jsr/detail?id=311},
	Title = {{JAXRS:} {Java} {API} for {RESTful} {Web} {Services}},
	Type = {{JSR}},
	Year = 2009}
	
@techreport{javaee6,
	Author = {Roberto Chinnici and Bill Shannon},
	Institution = {JCP},
	Month = {November},
	Note = {See http://jcp.org/en/jsr/detail?id=316},
	Title = {{Java} {Platform}, {Enterprise} {Edition} {(JavaEE)} {Specification}, {v6}},
	Type = {{JSR}},
	Year = 2009}
	
@book{burke:restfuljava,
    Author = {Bill Burke},
    Title = {{RESTful} {Java} with {JAX-RS}},
    Publisher = {O'Reilly},
    Year = 2009}

@techreport{bv11,
	Author = {Emmanuel Bernard},
	Institution = {JCP},
	Month = {March},
	Note = {See http://jcp.org/en/jsr/detail?id=349},
	Title = {{Bean} {Validation} {1.1}},
	Type = {{JSR}},
	Year = 2013}

@techreport{jsonp,
	Author = {Jitendra Kotamraju},
	Institution = {JCP},
	Month = {March},
	Note = {See http://jcp.org/en/jsr/detail?id=353},
	Title = {{Java} {API} {for} {JSON} {Processing}},
	Type = {{JSR}},
	Year = 2013}
	
@techreport{concurrencyee,
	Author = {Anthony Lai},
	Institution = {JCP},
	Month = {March},
	Note = {See http://jcp.org/en/jsr/detail?id=236},
	Title = {{Concurrency} {Utilities} {for} {Java} {EE}},
	Type = {{JSR}},
	Year = 2013}
		